<?xml version="1.0" encoding="UTF-8"?><collection xmlns="http://www.loc.gov/MARC21/slim"><record><leader>00516nam--2200169-u-4500</leader><controlfield tag="001">000055701</controlfield><controlfield tag="002">20161230</controlfield><controlfield tag="005">20170202090042</controlfield><controlfield tag="008">130328s1000------------r-----000-0-rum-d</controlfield><datafield ind1=" " ind2=" " tag="040"><subfield code="a">IFIN-HH</subfield></datafield><datafield ind1=" " ind2=" " tag="041"><subfield code="a">rum</subfield></datafield><datafield ind1="1" ind2=" " tag="100"><subfield code="a">Nicolau, Claude</subfield></datafield><datafield ind1="1" ind2="0" tag="245"><subfield code="a">Rezonanta paramagnetica electronica</subfield><subfield code="b">Aplicatii in chimie si biologie prefata conf.dr. A.T. Balaban</subfield><subfield code="c">Claude Nicolau (coordonator stiintific)</subfield></datafield><datafield ind1=" " ind2=" " tag="260"><subfield code="a">Bucuresti</subfield><subfield code="b">Editura Tehnica</subfield><subfield code="c">1966</subfield></datafield><datafield ind1=" " ind2=" " tag="300"><subfield code="a">391P</subfield></datafield><datafield ind1=" " ind2=" " tag="852"><subfield code="a">25252</subfield><subfield code="c">H.H</subfield></datafield><datafield ind1=" " ind2=" " tag="CAT"><subfield code="a">SYS</subfield><subfield code="c">20170202</subfield><subfield code="h">090042</subfield></datafield></record></collection>